@article{Akasofu1964,
  title={The development of the auroral substorm},
  author={Akasofu, S-I},
  journal={Planetary and Space Science},
  volume={12},
  number={4},
  pages={273--282},
  year={1964},
  publisher={Elsevier}
}

@article{Rostoker1995,
  title={CANOPUS—A ground-based instrument array for remote sensing the high latitude ionosphere during the ISTP/GGS program},
  author={Rostoker, G and Samson, JC and Creutzberg, F and Hughes, TJ and McDiarmid, DR and McNamara, AG and Jones, A Vallance and Wallis, DD and Cogger, LL},
  journal={Space Science Reviews},
  volume={71},
  number={1},
  pages={743--760},
  year={1995},
  publisher={Springer}
}

@article{Donovan2006,
  title={The THEMIS all-sky imaging array—system design and initial results from the prototype imager},
  author={Donovan, Eric and Mende, Stephen and Jackel, Brian and Frey, Harald and Syrj{\"a}suo, Mikko and Voronkov, Igor and Trondsen, Trond and Peticolas, Laura and Angelopoulos, Vassilis and Harris, Stewart and others},
  journal={Journal of Atmospheric and Solar-Terrestrial Physics},
  volume={68},
  number={13},
  pages={1472--1487},
  year={2006},
  publisher={Elsevier}
}

@article{Angelopoulos2008,
  title={Tail reconnection triggering substorm onset},
  author={Angelopoulos, Vassilis and McFadden, James P and Larson, Davin and Carlson, Charles W and Mende, Stephen B and Frey, Harald and Phan, Tai and Sibeck, David G and Glassmeier, Karl-Heinz and Auster, Uli and others},
  journal={Science},
  volume={321},
  number={5891},
  pages={931--935},
  year={2008},
  publisher={American Association for the Advancement of Science}
}

@incollection{Mende2009,
  title={The THEMIS array of ground-based observatories for the study of auroral substorms},
  author={Mende, SB and Harris, SE and Frey, HU and Angelopoulos, V and Russell, CT and Donovan, E and Jackel, B and Greffen, M and Peticolas, LM},
  booktitle={The THEMIS Mission},
  pages={357--387},
  year={2009},
  publisher={Springer}
}

@article{Jones2013,
  title={Persistent, widespread pulsating aurora: A case study},
  author={Jones, SL and Lessard, MR and Rychert, K and Spanswick, E and Donovan, E and Jaynes, AN},
  journal={Journal of Geophysical Research: Space Physics},
  volume={118},
  number={6},
  pages={2998--3006},
  year={2013},
  publisher={Wiley Online Library}
}

@article{Shepherd2014,
  title={Altitude-adjusted corrected geomagnetic coordinates: Definition and functional approximations},
  author={Shepherd, SG},
  journal={Journal of Geophysical Research: Space Physics},
  volume={119},
  number={9},
  pages={7501--7521},
  year={2014},
  publisher={Wiley Online Library}
}

@manual{Cartopy,
author = {{Met Office}},
title = {Cartopy: a cartographic python library with a matplotlib interface},
year = {2010 - 2015},
address = {Exeter, United Kingdom},
url = {http://scitools.org.uk/cartopy}
}

@misc{irbem,
  title={Irbem-lib library},
  author={Boscher, D and Bourdarie, S and O'Brien, P and Guild, T and Shumko, M and Brunet, A.},
  year={2012}
}

@article{Liang2016,
  title={On the 630 nm red-line pulsating aurora: Red-line Emission Geospace Observatory observations and model simulations},
  author={Liang, Jun and Donovan, E and Jackel, B and Spanswick, E and Gillies, M},
  journal={Journal of Geophysical Research: Space Physics},
  volume={121},
  number={8},
  pages={7988--8012},
  year={2016},
  publisher={Wiley Online Library}
}

@article{Shiokawa2017,
  title={Ground-based instruments of the PWING project to investigate dynamics of the inner magnetosphere at subauroral latitudes as a part of the ERG-ground coordinated observation network},
  author={Shiokawa, Kazuo and Katoh, Yasuo and Hamaguchi, Yoshiyuki and Yamamoto, Yuka and Adachi, Takumi and Ozaki, Mitsunori and Oyama, Shin-Ichiro and Nos{\'e}, Masahito and Nagatsuma, Tsutomu and Tanaka, Yoshimasa and others},
  journal={Earth, Planets and Space},
  volume={69},
  number={1},
  pages={1--21},
  year={2017},
  publisher={Springer}
}

@article{Lyons2019,
  title={Identification of auroral zone activity driving large-scale traveling ionospheric disturbances},
  author={Lyons, Larry R and Nishimura, Yukitoshi and Zhang, S-R and Coster, Anthea J and Bhatt, Asti and Kendall, E and Deng, Yue},
  journal={Journal of Geophysical Research: Space Physics},
  volume={124},
  number={1},
  pages={700--714},
  year={2019},
  publisher={Wiley Online Library}
}

@article{Gillies2019,
  title={First observations from the TREx spectrograph: The optical spectrum of STEVE and the picket fence phenomena},
  author={Gillies, D Megan and Donovan, Eric and Hampton, D and Liang, Jun and Connors, M and Nishimura, Yukitoshi and Gallardo-Lacourt, Bea and Spanswick, Emma},
  journal={Geophysical Research Letters},
  volume={46},
  number={13},
  pages={7207--7213},
  year={2019},
  publisher={Wiley Online Library}
}

@misc{ffmpeg,
  title = {ffmpeg tool},
  author = {{FFmpeg Developers}},
  howpublished = {\url{https://ffmpeg.org/}},
  note = {Accessed: 2022-02-10},
  year = {2022}
}

@article{Grono2020,
  author={Grono, E. and Donovan, E.},
  title={Surveying pulsating auroras},
  journal={Annales Geophysicae},
  volume={38},
  year={2020},
  number={1},
  pages={1--8},
  url={https://angeo.copernicus.org/articles/38/1/2020/},
  doi={10.5194/angeo-38-1-2020}
}

@article{Shumko2021,
author = {Shumko, M. and Gallardo-Lacourt, B. and Halford, A. J. and Liang, J. and Blum, L. W. and Donovan, E. and Murphy, K. R. and Spanswick, E.},
title = {A Strong Correlation Between Relativistic Electron Microbursts and Patchy Aurora},
journal = {Geophysical Research Letters},
volume = {48},
number = {18},
pages = {e2021GL094696},
keywords = {conjunction, microbursts, pulsating aurora, SAMPEX, THEMIS},
doi = {https://doi.org/10.1029/2021GL094696},
url = {https://agupubs.onlinelibrary.wiley.com/doi/abs/10.1029/2021GL094696},
year = {2021}
}